@misc{Voggenreiter,
  title = {mavo press LPR 1000-400/50},
  howpublished = {\url{https://www.voggenreiter-gmbh.de/services/laborgeraete/mavo-press-lpr-1000-400-50/}},
  note = {Zugriff: 04.06.2024},
  author = {Max Voggenreiter GmbH}
}

@misc{Nabertherm,
  howpublished = {\url{https://nabertherm.com/sites/default/files/2022-04/laboratory_german_0.pdf}},
  author = {Nabertherm GmbH},
  title = {Labor\"{o}fen},
  note = {Zugriff: 04.06.2024}
}

@misc{thermofisherHerathermGeneral,
	author = {},
	title = {{H}eratherm™ {G}eneral {P}rotocol {O}vens --- thermofisher.com},
	howpublished = {\url{https://www.thermofisher.com/order/catalog/product/51028112?SID=srch-srp-51028112}},
	year = {},
	note = {Zugriff: 04.06.2024}
}

@misc{Stoe, 
  title = {{Software WinXPOW, Vers. 3.3.1}}, 
  note = {Darmstadt, Deutschland.},
  author = {STOE \& Cie GmbH}
}
@misc{StoeP, 
  title = {Stoe Stadi P}, 
  author = {STOE \& Cie GmbH},
  howpublished = {\url{https://www.stoe.com/product/stoe-stadi-p/}},
  note = {Zugriff : 04.06.2024}
  }

  @article{Fuchs2021,
  title = {Das erste {H}ochdruck‐{C}hromoxonitridoborat {C}r{B}4{O}6{N} – ein unerwartetes {B}indeglied zur {C}hemie der {N}itridosilikate},
  volume = {133},
  ISSN = {1521-3757},
  url = {http://dx.doi.org/10.1002/ange.202110582},
  DOI = {10.1002/ange.202110582},
  number = {40},
  journal = {Angewandte Chemie},
  publisher = {Wiley},
  author = {Fuchs,  Birgit and Johrendt,  Dirk and Bayarjargal,  Lkhamsuren and Huppertz,  Hubert},
  year = {2021},
  month = aug,
  pages = {21972–21977}
}

@article{Duller1999,
  title = {A High-Sensitivity Optically Stimulated Luminescence Scanning System for Measurement of Single Sand-Sized Grains},
  volume = {84},
  ISSN = {1742-3406},
  url = {http://dx.doi.org/10.1093/oxfordjournals.rpd.a032748},
  DOI = {10.1093/oxfordjournals.rpd.a032748},
  number = {1},
  journal = {Radiation Protection Dosimetry},
  publisher = {Oxford University Press (OUP)},
  author = {Duller,  G.A.T. and B tter-Jensen,  L. and Kohsiek,  P. and Murray,  A.S.},
  year = {1999},
  month = aug,
  pages = {325–330}
}
@article{Timm1963,
  title = {50 {J}ahre {A}mmoniak ‐ {S}ynthese},
  volume = {35},
  ISSN = {1522-2640},
  url = {http://dx.doi.org/10.1002/cite.330351202},
  DOI = {10.1002/cite.330351202},
  number = {12},
  journal = {Chemie Ingenieur Technik},
  publisher = {Wiley},
  author = {Timm,  Bernhard},
  year = {1963},
  month = dec,
  pages = {817–823}
}
@misc{deutscheschemiemuseumUmlaufpumpe,
	author = {},
	title = {{U}mlaufpumpe --- deutsches-chemie-museum.de},
	howpublished = {\url{https://www.deutsches-chemie-museum.de/de/umlaufpumpe.html}},
	year = {},
	note = {Zugriff: 22.06.2024},
}
@article{Hall1960,
  title = {Ultra-High-Pressure,  High-Temperature Apparatus: the ``Belt’’},
  volume = {31},
  ISSN = {1089-7623},
  url = {http://dx.doi.org/10.1063/1.1716907},
  DOI = {10.1063/1.1716907},
  number = {2},
  journal = {Review of Scientific Instruments},
  publisher = {AIP Publishing},
  author = {Hall,  H. Tracy},
  year = {1960},
  month = feb,
  pages = {125–131}
}

@article{Abbaschian2005,
  title = {High pressure–high temperature growth of diamond crystals using split sphere apparatus},
  volume = {14},
  ISSN = {0925-9635},
  url = {http://dx.doi.org/10.1016/j.diamond.2005.09.007},
  DOI = {10.1016/j.diamond.2005.09.007},
  number = {11–12},
  journal = {Diamond and Related Materials},
  publisher = {Elsevier BV},
  author = {Abbaschian,  Reza and Zhu,  Henry and Clarke,  Carter},
  year = {2005},
  month = nov,
  pages = {1916–1919}
}
@article{Rabenau1985,
  title = {Die {R}olle der {H}ydrothermalsynthese in der pr\"{a}parativen {C}hemie},
  volume = {97},
  ISSN = {1521-3757},
  url = {http://dx.doi.org/10.1002/ange.19850971205},
  DOI = {10.1002/ange.19850971205},
  number = {12},
  journal = {Angewandte Chemie},
  publisher = {Wiley},
  author = {Rabenau,  Albrecht},
  year = {1985},
  month = dec,
  pages = {1017–1032}
}